
@article{bakkerEngagementMobilePhone2018a,
  title = {Engagement in Mobile Phone App for Self-Monitoring of Emotional Wellbeing Predicts Changes in Mental Health: {{MoodPrism}}},
  shorttitle = {Engagement in Mobile Phone App for Self-Monitoring of Emotional Wellbeing Predicts Changes in Mental Health},
  author = {Bakker, David and Rickard, Nikki},
  year = {2018},
  month = feb,
  journal = {Journal of Affective Disorders},
  volume = {227},
  pages = {432--442},
  issn = {0165-0327},
  doi = {10.1016/j.jad.2017.11.016},
  langid = {english},
  keywords = {mental-health literacy,RQ-01.Checkin apps and evidence},
  annotation = {00104}
}

@article{bakkerMentalHealthSmartphone2016,
  title = {Mental {{Health Smartphone Apps}}: {{Review}} and {{Evidence-Based Recommendations}} for {{Future Developments}}},
  shorttitle = {Mental {{Health Smartphone Apps}}},
  author = {Bakker, David and Kazantzis, Nikolaos and Rickwood, Debra and Rickard, Nikki},
  year = {2016},
  month = mar,
  journal = {JMIR Mental Health},
  volume = {3},
  number = {1},
  pages = {e4984},
  publisher = {{JMIR Publications Inc., Toronto, Canada}},
  doi = {10.2196/mental.4984},
  copyright = {Unless stated otherwise, all articles are open-access distributed under the terms of the Creative Commons Attribution License (http://creativecommons.org/licenses/by/2.0/), which permits unrestricted use, distribution, and reproduction in any medium, provided the original work ("first published in the Journal of Medical Internet Research...") is properly cited with original URL and bibliographic citation information. The complete bibliographic information, a link to the original publication on http://www.jmir.org/, as well as this copyright and license information must be included.},
  langid = {english},
  annotation = {00595},
  file = {C\:\\Users\\125295_admin\\Documents\\zotero\\storage\\CNP9D7DN\\Bakker et al_2016_Mental Health Smartphone Apps.pdf;C\:\\Users\\125295_admin\\Documents\\zotero\\storage\\D7YMNEK4\\e7.html}
}
